@article{perrier1996toward,
    title={Toward a viable, self-reproducing universal computer},
    author={Jean-Yves Perrier and Moshe Sipper and Jaques Zahnd},
    journal={Physica D: Nonlinear Phenomena},
    volume={97},
    number={4},
    pages={335--352},
    year={1996},
    publisher={Elsevier}
}
@article{neumann1966selfreplication,
    title={Theory of self-reproducing automata},
    author={John von Neumann and Arthur W Burks},
    year={1966},
    publisher={University of Illinois press}
}
@article{langton1990edgeofchaos,
    title={{Computation at the Edge of Chaos: Phase Transitions and Emergent Computation}},
    author={Chris G Langton},
    journal={Physica D: Nonlinear Phenomena},
    volume={42},
    number={1},
    pages={12--37},
    year={1990},
    publisher={Elsevier}
}
@article{wolfram1984complexity,
    title={Universality and complexity in cellular automata},
    author={Stephen Wolfram},
    journal={Physica D: Nonlinear Phenomena},
    volume={10},
    number={1},
    pages={1--35},
    year={1984},
    publisher={Elsevier}
}
@book{codd1968cellular,
    title={Cellular automata},
    author={Codd, Edgar F},
    year={1968},
    publisher={Academic Press}
}
@incollection{harding2008artificial,
    title={{Artificial Development}},
    author={Simon Harding and Wolfgang Banzhaf},
    booktitle={Organic Computing},
    pages={201--219},
    year={2008},
    publisher={Springer}
}
@article{miller2014evolution,
    title={Evolution-in-materio: evolving computation in materials},
    author={Julian F Miller and Simon L Harding and Gunnar Tufte},
    journal={Evolutionary Intelligence},
    volume={7},
    number={1},
    pages={49--67},
    year={2014},
    publisher={Springer}
}
@article{reggia1998neumann,
    title={{Self-Replicating Structures: Evolution, Emergence, and Computation}},
    author={Reggia, J and Lohn, J and Chou, H},
    journal={Artificial Life},
    volume={4},
    number={3},
    pages={283--302},
    year={1998},
    publisher={MIT Press}
}
@article{tufte2008evodevo,
    title={{From Evo to EvoDevo: Mapping and Adaptation in Artificial Development}},
    author={Gunnar Tufte},
    journal={Development},
    year={2008}
}
@inproceedings{haddow2000sblock,
    title={{An evolvable hardware FPGA for adaptive hardware}},
    author={Pauline C Haddow and Gunnar Tufte},
    booktitle={Evolutionary Computation, 2000. Proceedings of the 2000 Congress},
    volume={1},
    pages={553--560},
    year={2000},
    organization={IEEE}
}
@article{djupdal2003sblock,
    title={Konstruksjon av maskinvare for kjøring av sblokkbaserte eksperimenter},
    author={Asbjørn Djupdal},
    year={2003},
    publisher={Institutt for datateknikk og informasjonsvitenskap}
}
@article{aamodt2005sblock,
    title={{Kunstig utvikling: Utvidelse av FPGA-basert SBlock-plattform}},
    author={Kjetil Aamodt},
    year={2005},
    publisher={Institutt for datateknikk og informasjonsvitenskap}
}
@article{stovneng2014sblock,
    title={Extending an sblock platform for a new target hardware},
    author={Ola Martin Tiseth Støvneng},
    year={2014},
    publisher={Institutt for datateknikk og informasjonsvitenskap}
}
@manual{ug526,
    title={{SP605 Hardware User Guide}},
    organization={Xilinx},
    note={{UG526 (v1.6)}},
    year={2011},
}
@manual{ug687,
    title={{XST User Guide for Virtex-6, Spartan-6, and 7 Series Devices}},
    organization={Xilinx},
    note={{UG687 (v14.3)}},
    year={2012},
}
@manual{ug672,
    title={{Spartan-6 FPGA Integrated Endpoint Block for PCI Express}},
    organization={Xilinx},
    note={{UG672 (v1.1)}},
    year={2011},
}
@manual{ug380,
    title={{Spartan-6 FPGA Configuration User Guide}},
    organization={Xilinx},
    note={{UG380 (v2.7)}},
    year={2014},
}
@manual{xapp151,
    title={{Virtex Series Configuration Architecture User Guide}},
    organization={Xilinx},
    note={{XAPP151 (v1.7)}},
    year={2004},
}
@manual{ds160,
    title={{Spartan-6 Family Overview}},
    organization={Xilinx},
    note={{DS160 (v2.0)}},
    year={2011},
}
@techreport{wp272,
    title={{Get Smart About Reset: Think Local, Not Global}},
    author={Ken Chapman},
    institution={Xilinx},
    note={{WP272}},
    year={2008},
}
@inproceedings{koch2008buses,
    title={{Efficient Reconfigurable On-Chip Buses for FPGAs}},
    author={Dirk Koch and Christian Haubelt and Jürgen Teich},
    booktitle={Field-Programmable Custom Computing Machines, 2008. FCCM'08. 16th International Symposium on},
    pages={287--290},
    year={2008},
    organization={IEEE}
}
@article{berg2013ca,
    title={{Evolution of Cellular Automata using Lindenmayer Systems and Fourier Transforms}},
    author={Sivert Berg},
    year={2013},
    publisher={Institutt for datateknikk og informasjonsvitenskap}
}
@misc{distrowatch,
    title={{DistroWatch Page Hit Ranking}},
    author={{DistroWatch}},
    howpublished={\url{http://distrowatch.com/dwres.php?resource=popularity}},
    note={{[Accessed: 2015-05-18]}}
}
@misc{usbdriver,
    title={{XILINX JTAG tools on Linux without proprietary kernel modules}},
    author={Michael Gernoth},
    howpublished={\url{http://rmdir.de/~michael/xilinx/}},
    note={{[Accessed: 2014-12-16]}}
}
@article{pcie,
    title={{PCI Express Base Specifications Revision 3.0}},
    author={{PCI-SIG}},
    journal={PCI-SIG},
    year={2010}
}
@incollection{huelsbergen1998evolution,
    title={{Evolution of Astable Multivibrators in Silico}},
    author={Lorentz Huelsbergen and Edward Rietman and Robert Slous},
    booktitle={Evolvable Systems: From Biology to Hardware},
    pages={66--77},
    year={1998},
    publisher={Springer}
}
@incollection{thompson1997evolved,
    title={{An Evolved Circuit, Intrinsic in Silicon, Entwined with Physics}},
    author={Adrian Thompson},
    booktitle={Evolvable Systems: From Biology to Hardware},
    pages={390--405},
    year={1997},
    publisher={Springer}
}
@article{thompson1999analysis,
    title={{Analysis of Unconventional Evolved Electronics}},
    author={Adrian Thompson and Paul Layzell},
    journal={Communications of the ACM},
    volume={42},
    number={4},
    pages={71--79},
    year={1999},
    publisher={ACM}
}
@article{sipper1999emergence,
    title={{The Emergence of Cellular Computing}},
    author={Moshe Sipper},
    journal={Computer},
    volume={32},
    number={7},
    pages={18--26},
    year={1999},
    publisher={IEEE}
}
@inproceedings{hornby2006antenna,
    title={{Automated Antenna Design with Evolutionary Algorithms}},
    author={Gregory S. Hornby and Al Globus and Derek S. Linden and Jason D. Lohn},
    booktitle={AIAA Space},
    pages={19--21},
    year={2006}
}
@inproceedings{haddow1999robot,
    title={{Evolving a Robot Controller in Hardware}},
    author={Pauline Haddow and Gunnar Tufte},
    booktitle={In Proc. of the Norwegian Computer Science Conference (NIK-99)},
    pages={141--150},
    year={1999},
    organization={Citeseer}
}
@article{sipper1997poe,
    title={{A Phylogenetic, Ontogenetic, and Epigenetic View of Bio-Inspired Hardware Systems}},
    author={Moshe Sipper and Eduardo Sanchez and Daniel Mange and Marco Tomassini and Andr{\'e}s P{\'e}rez-Uribe and Andr{\'e} Stauffer},
    journal={Evolutionary Computation, IEEE Transactions on},
    volume={1},
    number={1},
    pages={83--97},
    year={1997},
    publisher={IEEE}
}
@article{prusinkiewicz1990lindenmayer,
    title={{The Algorithmic Beauty of Plants}},
    author={Przemyslaw Prusinkiewicz and Aristid Lindenmayer and James S. Hanan and F. David Fracchia and Deborah Fowler and Martin J. M. de Boer and Lynn Mercer},
    year={1990},
    publisher={Springer-Verlag}
}
@article{lindenmayer1968models,
    title={{Mathematical Models for Cellular Interactions in Development, Parts I and II}},
    author={Aristid Lindenmayer},
    journal={{Journal of Theoretical Biology}},
    volume={18},
    number={3},
    pages={280--315},
    year={1968},
    publisher={Elsevier}
}
@article{gershenson2004rbn,
    title={{Introduction to Random Boolean Networks}},
    author={Carlos Gershenson},
    journal={arXiv preprint nlin/0408006},
    year={2004}
}
@article{manousakis2006musical,
    title={{Musical L-systems}},
    author={Stelios Manousakis},
    journal={Koninklijk Conservatorium, The Hague (master thesis)},
    year={2006}
}
@misc{lsystemgenerator,
    title={{Lindenmayer System Generator}},
    author={Nolan Carroll},
    howpublished={\url{http://nolandc.com/sandbox/fractals/}},
    note={{[Accessed: 2015-05-26]}}
}
@article{gardner1967heighway,
    title={{Mathematical Games}},
    author={Martin Gardner},
    journal={{Scientific American}},
    volume={216},
    year={1967},
}
@book{newell1972problemsolving,
    title={{Human Problem Solving}},
    author={Allen Newell and Herbert Alexander Simon and others},
    volume={104},
    number={9},
    year={1972},
    publisher={Prentice-Hall Englewood Cliffs, NJ}
}
@article{gardner1970life,
    title={{Mathematical Games – The fantastic combinations of John Conway's new solitaire game ``life''}},
    author={Martin Gardner},
    journal={Scientific American},
    volume={223},
    pages={120--123},
    year={1970}
}
@article{margolus1996cam8,
    title={CAM-8: a computer architecture based on cellular automata},
    author={Margolus, Norman},
    journal={Pattern Formation and Lattice-Gas Automata},
    pages={167--187},
    year={1996},
    publisher={American Mathematical Society}
}
@article{degaris2001cbm,
    title={{The CAM-Brain Machine (CBM): An FPGA Based Tool for Evolving a 75 Million Neuron Artificial Brain to Control a Lifesized Kitten Robot}},
    author={de Garis, Hugo and Korkin, Michael and Fehr, Gary},
    journal={Autonomous Robots},
    volume={10},
    number={3},
    pages={235--249},
    year={2001},
    publisher={Springer}
}
@inproceedings{gers1998codi,
    title={{CoDi-1Bit: A Simplified Cellular Automata Based Neuron Model}},
    author={Gers, Felix and de Garis, Hugo and Korkin, Michael},
    booktitle={Artificial Evolution},
    pages={315--333},
    year={1998},
    organization={Springer}
}
@article{giles2001utopian,
    title={Utopian dream in tatters as Starlab crashes to Earth},
    author={Giles, Jim},
    journal={Nature},
    volume={412},
    number={6842},
    pages={6--6},
    year={2001},
    publisher={Nature Publishing Group}
}
@inproceedings{tempesti2002biowall,
    title={{The BioWall: An Electronic Tissue for Prototyping Bio-Inspired Systems}},
    author={Tempesti, Gianluca and Mange, Daniel and Stauffer, Andr{\'e} and Teuscher, Christof},
    booktitle={Evolvable Hardware, 2002. Proceedings. NASA/DoD Conference on},
    pages={221--230},
    year={2002},
    organization={IEEE}
}
@article{heylighen2001selforg,
  title={The science of self-organization and adaptivity},
  author={Heylighen, Francis and others},
  journal={The encyclopedia of life support systems},
  volume={5},
  number={3},
  pages={253--280},
  year={2001}
}
